@MANUAL{sap_information,
	title = "SAP Company History {[online]}",
	journal = "SAP ",
	url = "https://www.sap.com/corporate/en/company/history.html",
	note = "[cit. 2018-04-07]"
}

@ARTICLE {erpforum_erp_definition,
	title  = "Nasazením ERP systému práce nekončí, ale začíná {[online]}",
	journal = "ERPForum",
	note = "[cit. 2018-04-07]",
	url = "https://www.erpforum.cz/erp-systemy/nasazenim-erp-systemu-prace-nekonci-ale-zacina.html"
}

@ARTICLE {sapcz_blogspot_jadro_sap,
	title  = "SAP Modules - SAP FI, CO, SD and more",
	organization = "simplilearn",
	note = "[cit. 2018-04-16]",
	url    = "https://www.simplilearn.com/sap-modules-sap-fi-sap-co-sap-sd-sap-hcm-and-more-rar111-article"
}

@ARTICLE{sap_r3_modules,
	title = "SAP R/3 informační systém {[online]}",
	organization = "itica",
	url = "http://www.itica.cz/sap-r3-informacni-system/",
	note = "[cit. 2018-05-07]"
}

@ARTICLE{sap_pm_overview,
	title = "SAP PM - Overview {[online]}",
	organization = "tutorialspoint",
	url = "https://www.tutorialspoint.com/sap_pm/",
	note = "[cit. 2018-04-08]"
}

@MANUAL{sap_pm_document,
	title = "SAP PM {[online]}",
	journal = "SAP ",
	url = "https://www.tutorialspoint.com/sap_pm/sap_pm_tutorial.pdf",
	note = "[cit. 2018-04-08]"
}


@ARTICLE{fiori_structure,
	title = "SAP Fiori - The Basic Files of Your App {[online]}",
	journal = "tutorialspoint",
	url = "https://sapui5.hana.ondemand.com/\#/topic/28b59ca857044a7890a22aec8cf1fee9.html",
	note = "[cit. 2018-04-08]"
}

@ARTICLE{mvc,
	title = "Tvorba moderních webových aplikací pomocí SAPUI5 a oDATA služeb {[online]}",
	organization = "Mendelova univerzita v Brně - Provozně ekonomická fakulta",
	url = "https://theses.cz/id/0u6njb/zaverecna_prace.pdf",
	note = "[cit. 2018-04-08]"
}

@ARTICLE{json,
	title = "Úvod do JSON {[online]}",
	organization = "json",
	url = "https://www.json.org/json-cz.html",
	note = "[cit. 2018-04-08]"
}

@ARTICLE{edux_si,
	title = "Softwarové inženýrství I. {[online]}",
	journal = "ČVUT FIT",
	url = "https://edux.fit.cvut.cz/archive/B171/BI-SI1/lectures/start",
	note = "[cit. 2018-04-08]"
}

@ARTICLE{edux_pcm1,
	title = "Projektové a změnové řízení {[online]}",
	journal = "ČVUT FIT",
	url = "https://edux.fit.cvut.cz/archive/B171/MI-PCM.16/_media/lectures/mi-pcm_prednaska_1.pdf",
	note = "[cit. 2018-04-11]"
}

@ARTICLE{edux_pcm2,
	title = "Stanovení cílů (SMART) {[online]}",
	journal = "ČVUT FIT",
	url = "https://publi.cz/books/114/02.html",
	note = "[cit. 2018-04-16]"
}

@ARTICLE{nur,
	title = "Návrh uživatelského rozhraní {[online]}",
	journal = "ČVUT FIT",
	url = "https://edux.fit.cvut.cz/archive/B171/MI-NUR/lectures/start",
	note = "[cit. 2018-04-14]"
}

@ARTICLE{heursitika2,
	title = "Mobilní aplikace na hlášení závad ve městě {[online]}",
	organization = "ČVUT FIT",
	url = "https://dspace.cvut.cz/bitstream/handle/10467/65128/F8-DP-2016-Soukup-Karel-thesis.pdf?sequence=1&isAllowed=y",
	note = "[cit. 2018-04-12]"
}

@ARTICLE{heuristika,
	title = "Návrh uživatelského rozhraní {[online]}",
	organization = "ČVUT FIT",
	url = "https://edux.fit.cvut.cz/archive/B171/MI-NUR/_media/lectures/x09-opakovani.pdf",
	note = "[cit. 2018-04-17]"
}


@ARTICLE{balsamiq,
	title = "Balsamiq Mockups {[online]}",
	organization = "balsamiq",
	url = "https://balsamiq.com/",
	note = "[cit. 2018-04-14]"
}

@ARTICLE{builtme,
	title = "Built.me {[online]}",
	organization = "built",
	url = "http://built.me",
	note = "[cit. 2018-04-20]"
}

@ARTICLE{lofi,
	title = "Low-fi prototyping: What, Why and How? {[online]}",
	organization = "mobgen",
	url = "https://mobgen.com/low-fi-prototyping/",
	note = "[cit. 2018-04-16]"
}

@ARTICLE{tomcat,
	title = "Apache Tomcat {[online]}",
	journal = "Apache Tomcat",
	url = "http://tomcat.apache.org/",
	note = "[cit. 2018-04-24]"
}

@ARTICLE{basic_form,
	title = "BASIC and FORM Authentication {[online]}",
	organization = "java",
	url = "http://java.boot.by/wcd-guide/ch05s03.html",
	note = "[cit. 2018-04-16]"
}

@ARTICLE{jaas,
	title = "J2EE authentication and authorization with JAAS {[online]}",
	journal = "ORACLE",
	url = "http://www.oracle.com/technetwork/topics/index-089689.html",
	note = "[cit. 2018-04-17]"
}

@ARTICLE{prototyping,
	title = "What are the Benefits of Prototyping? {[online]}",
	organization = "nectarpd",
	url = "https://nectarpd.com/what-are-the-benefits-of-prototyping/",
	note = "[cit. 2018-04-18]"
}










